111111111111111111111111111111111111111111111111111111111111111
222222222222222222222222222222222222222222222222222222222222222
333333333333333333333333333333333333333333333333333333333333333
444444444444444444444444444444444444444444444444444444444444444
555555555555555555555555555555555555555555555555555555555555555
666666666666666666666666666666666666666666666666666666666666666
777777777777777777777777777777777777777777777777777777777777777
888888888888888888888888888888888888888888888888888888888888888
999999999999999999999999999999999999999999999999999999999999999
101010101010101010101010101010101010101010101010101010101010101
111111111111111111111111111111111111111111111111111111111111111
121212121212121212121212121212121212121212121212121212121212121
131313131313131313131313131313131313131313131313131313131313131
141414141414141414141414141414141414141414141414141414141414141
151515151515151515151515151515151515151515151515151515151515151
161616161616161616161616161616161616161616161616161616161616161
171717171717171717171717171717171717171717171717171717171717171
181818181818181818181818181818181818181818181818181818181818181
191919191919191919191919191919191919191919191919191919191919191
202020202020202020202020202020202020202020202020202020202020202
212121212121212121212121212121212121212121212121212121212121212
222222222222222222222222222222222222222222222222222222222222222
232323232323232323232323232323232323232323232323232323232323232
242424242424242424242424242424242424242424242424242424242424242
252525252525252525252525252525252525252525252525252525252525252
262626262626262626262626262626262626262626262626262626262626262
272727272727272727272727272727272727272727272727272727272727272
282828282828282828282828282828282828282828282828282828282828282
292929292929292929292929292929292929292929292929292929292929292
303030303030303030303030303030303030303030303030303030303030303
313131313131313131313131313131313131313131313131313131313131313
323232323232323232323232323232323232323232323232323232323232323
333333333333333333333333333333333333333333333333333333333333333
343434343434343434343434343434343434343434343434343434343434343
353535353535353535353535353535353535353535353535353535353535353
363636363636363636363636363636363636363636363636363636363636363
373737373737373737373737373737373737373737373737373737373737373
383838383838383838383838383838383838383838383838383838383838383
393939393939393939393939393939393939393939393939393939393939393
404040404040404040404040404040404040404040404040404040404040404
414141414141414141414141414141414141414141414141414141414141414
424242424242424242424242424242424242424242424242424242424242424
434343434343434343434343434343434343434343434343434343434343434
444444444444444444444444444444444444444444444444444444444444444
454545454545454545454545454545454545454545454545454545454545454
464646464646464646464646464646464646464646464646464646464646464
474747474747474747474747474747474747474747474747474747474747474
484848484848484848484848484848484848484848484848484848484848484
494949494949494949494949494949494949494949494949494949494949494
505050505050505050505050505050505050505050505050505050505050505
515151515151515151515151515151515151515151515151515151515151515
525252525252525252525252525252525252525252525252525252525252525
535353535353535353535353535353535353535353535353535353535353535
545454545454545454545454545454545454545454545454545454545454545
555555555555555555555555555555555555555555555555555555555555555
565656565656565656565656565656565656565656565656565656565656565
575757575757575757575757575757575757575757575757575757575757575
585858585858585858585858585858585858585858585858585858585858585
595959595959595959595959595959595959595959595959595959595959595
606060606060606060606060606060606060606060606060606060606060606
616161616161616161616161616161616161616161616161616161616161616
626262626262626262626262626262626262626262626262626262626262626
636363636363636363636363636363636363636363636363636363636363636
646464646464646464646464646464646464646464646464646464646464646
656565656565656565656565656565656565656565656565656565656565656
666666666666666666666666666666666666666666666666666666666666666
676767676767676767676767676767676767676767676767676767676767676
686868686868686868686868686868686868686868686868686868686868686
696969696969696969696969696969696969696969696969696969696969696
707070707070707070707070707070707070707070707070707070707070707
717171717171717171717171717171717171717171717171717171717171717
727272727272727272727272727272727272727272727272727272727272727
737373737373737373737373737373737373737373737373737373737373737
747474747474747474747474747474747474747474747474747474747474747
757575757575757575757575757575757575757575757575757575757575757
767676767676767676767676767676767676767676767676767676767676767
777777777777777777777777777777777777777777777777777777777777777e
787878787878787878787878787878787878787878787878787878787878787
797979797979797979797979797979797979797979797979797979797979797
808080808080808080808080808080808080808080808080808080808080808
818181818181818181818181818181818181818181818181818181818181818
828282828
