111111111111111111111111111111111111111111111111111111111111111
222222222222222222222222222222222222222222222222222222222222222
333333333333333333333333333333333333333333333333333333333333333
444444444444444444444444444444444444444444444444444444444444444
555555555555555555555555555555555555555555555555555555555555555
666666666666666666666666666666666666666666666666666666666666666
777777777777777777777777777777777777777777777777777777777777777
888888888888888888888888888888888888888888888888888888888888888
999999999999999999999999999999999999999999999999999999999999999
101010101010101010101010101010101010101010101010101010101010101
111111111111111111111111111111111111111111111111111111111111111
121212121212121212121212121212121212121212121212121212121212121
141414141414141414141414141414141414141414141414141414141414141
151515151515151515151515151515151515151515151515151515151515151
161616161616161616161616161616161616161616161616161616161616161
171717171717171717171717171717171717171717171717171717171717171
181818181818181818181818181818181818181818181818181818181818181
191919191919191919191919191919191919191919191919191919191919191
202020202020202020202020202020202020202020202020202020202020202
212121212121212121212121212121212121212121212121212121212121212
222222222222222222222222222222222222222222222222222222222222222
232323232323232323232323232323232323232323232323232323232323232
242424242424242424242424242424242424242424242424242424242424242
252525252525252525252525252525252525252525252525252525252525252
262626262626262626262626262626262626262626262626262626262626262
272727272727272727272727272727272727272727272727272727272727272
282828282828282828282828282828282828282828282828282828282828282
292929292929292929292929292929292929292929292929292929292929292
303030303030303030303030303030303030303030303030303030303030303
313131313131313131313131313131313131313131313131313131313131313
323232323232323232323232323232323232323232323232323232323232323
333333333333333333333333333333333333333333333333333333333333333
343434343434343434343434343434343434343434343434343434343434343
353535353535353535353535353535353535353535353535353535353535353
363636363636363636363636363636363636363636363636363636363636363
