111111111111111111111111111111111111111111111111111111111111111
222222222222222222222222222222222222222222222222222222222222222
333333333333333333333333333333333333333333333333333333333333333
444444444444444444444444444444444444444444444444444444444444444
555555555555555555555555555555555555555555555555555555555555555
666666666666666666666666666666666666666666666666666666666666666
777777777777777777777777777777777777777777777777777777777777777
888888888888888888888888888888888888888888888888888888888888888
999999999999999999999999999999999999999999999999999999999999999
101010101010101010101010101010101010101010101010101010101010101
111111111111111111111111111111111111111111111111111111111111111
121212121212121212121212121212121212121212121212121212121212121
131313131313131313131313131313131313131313131313131313131313131
141414141414141414141414141414141414141414141414141414141414141
151515151515151515151515151515151515151515151515151515151515151
161616161616161616161616161616161616161616161616161616161616161
171717171717171717171717171717171717171717171717171717171717171
181818181818181818181818181818181818181818181818181818181818181